<?xml version="1.0" encoding="UTF-8"?><collection xmlns="http://www.loc.gov/MARC21/slim"><record><leader>00405nam--2200145-i-4500</leader><controlfield tag="001">000042976</controlfield><controlfield tag="002">20161230</controlfield><controlfield tag="005">20161230201043</controlfield><controlfield tag="008">060222s1000------------r-----000-0-eng-d</controlfield><datafield ind1=" " ind2=" " tag="080"><subfield code="a">002</subfield></datafield><datafield ind1=" " ind2=" " tag="100"><subfield code="a">Stoica,Ion</subfield></datafield><datafield ind1=" " ind2=" " tag="245"><subfield code="a">Bibliografia si informarea documnentara. repere tehnice</subfield></datafield><datafield ind1=" " ind2=" " tag="260"><subfield code="a">Bucuresti, Ed.Litera, 1973. 26 P</subfield></datafield><datafield ind1=" " ind2=" " tag="490"><subfield code="a">Probleme De Bibliografie Si Informare Documentara</subfield></datafield><datafield ind1=" " ind2=" " tag="852"><subfield code="a">40046</subfield></datafield></record></collection>